@manual{gpfieldguide,
    author = {Riccardo Poli, William B. Langdan, Nicholas F. McPhee},
    title = {A Field Guide to Genetic Programming},
    url = {http://www0.cs.ucl.ac.uk/staff/wlangdon/ftp/papers/poli08_fieldguide.pdf}
}

@Manual{mlfoundations,
  author = 	 {Mehryar Mohri, Afshin Rostamizadeh, Ameet Talwalkar},
  title = 	 {Foundations of Machine Learning},
  url = 	 {http://www.cs.nyu.edu/~mohri/mlbook/}
}

@Book{regressiontrees,
  author = 	 {Wei-Yin Loh},
  title = 	 {Classification and regression trees},
  url = {http://www.stat.wisc.edu/~loh/treeprogs/guide/wires11.pdf}
}
